<record><leader>00000cas a22000007a 4500</leader><controlfield tag="001">24222137</controlfield><controlfield tag="008">910812d18821uuunyuwr ne      0    0eng d</controlfield><datafield ind1=" " ind2=" " tag="010"><subfield code="a">sn 91066732 </subfield></datafield><datafield ind1=" " ind2=" " tag="040"><subfield code="a">NYS</subfield><subfield code="b">eng</subfield><subfield code="c">NYS</subfield><subfield code="d">OCLCQ</subfield><subfield code="d">NYS</subfield><subfield code="d">OCLCQ</subfield></datafield><datafield ind1=" " ind2=" " tag="042"><subfield code="a">msc</subfield></datafield><datafield ind1="0" ind2=" " tag="130"><subfield code="a">Havana Republican (Havana, N.Y. : 1882)</subfield></datafield><datafield ind1="1" ind2="4" tag="245"><subfield code="a">The Havana Republican.</subfield></datafield><datafield ind1=" " ind2=" " tag="260"><subfield code="a">Havana, Schuyler County, N.Y. :</subfield><subfield code="b">Republican Print. Association</subfield></datafield><datafield ind1=" " ind2=" " tag="300"><subfield code="a">v. ;</subfield><subfield code="c">60 cm.</subfield></datafield><datafield ind1=" " ind2=" " tag="310"><subfield code="a">Weekly</subfield></datafield><datafield ind1="1" ind2=" " tag="362"><subfield code="a">Began in 1882?</subfield></datafield><datafield ind1=" " ind2=" " tag="500"><subfield code="a">Havana, N.Y. name changed to Montour Falls, N.Y., ca. 1895.</subfield></datafield><datafield ind1=" " ind2=" " tag="588"><subfield code="a">Description based on: Vol. 3, no. 10 (Apr. 12, 1883).</subfield></datafield><datafield ind1=" " ind2="4" tag="651"><subfield code="a">Montour Falls (N.Y.)</subfield><subfield code="v">Newspapers.</subfield></datafield><datafield ind1=" " ind2=" " tag="752"><subfield code="a">United States</subfield><subfield code="b">New York</subfield><subfield code="c">Schuyler</subfield><subfield code="d">Montour Falls.</subfield></datafield><datafield ind1=" " ind2=" " tag="752"><subfield code="a">United States</subfield><subfield code="b">New York</subfield><subfield code="c">Schuyler</subfield><subfield code="d">Havana.</subfield></datafield><datafield ind1="0" ind2="0" tag="780"><subfield code="t">Havana itemizer</subfield><subfield code="w">(DLC)sn 88079207</subfield><subfield code="w">(OCoLC)17613340</subfield></datafield><datafield ind1="1" ind2=" " tag="029"><subfield code="a">AU@</subfield><subfield code="b">000025851993</subfield></datafield></record>